<record><leader>00000cas a2200000 i 4500</leader><controlfield tag="001">875410426</controlfield><controlfield tag="006">m     o  d        </controlfield><controlfield tag="007">cr |||||||||||</controlfield><controlfield tag="008">140402d18611865inuwr neo     0   a0eng  </controlfield><datafield ind1=" " ind2=" " tag="010"><subfield code="a">  2014218241</subfield></datafield><datafield ind1=" " ind2=" " tag="040"><subfield code="a">DLC</subfield><subfield code="b">eng</subfield><subfield code="e">rda</subfield><subfield code="c">DLC</subfield></datafield><datafield ind1="0" ind2=" " tag="022"><subfield code="a">2334-5764</subfield><subfield code="2">1</subfield></datafield><datafield ind1="1" ind2=" " tag="029"><subfield code="a">NZ1</subfield><subfield code="b">16037281</subfield></datafield><datafield ind1=" " ind2=" " tag="042"><subfield code="a">pcc</subfield><subfield code="a">nsdp</subfield></datafield><datafield ind1=" " ind2=" " tag="043"><subfield code="a">n-us-in</subfield></datafield><datafield ind1="1" ind2="0" tag="050"><subfield code="a">ISSN RECORD</subfield></datafield><datafield ind1="0" ind2="0" tag="082"><subfield code="a">071</subfield><subfield code="2">23</subfield></datafield><datafield ind1="0" ind2=" " tag="130"><subfield code="a">Indiana State sentinel (Indianapolis, Ind. : 1861 : Online)</subfield></datafield><datafield ind1=" " ind2="0" tag="222"><subfield code="a">Indiana State sentinel</subfield><subfield code="b">(Indianapolis, Ind. 1861. Online)</subfield></datafield><datafield ind1="1" ind2="0" tag="245"><subfield code="a">Indiana State sentinel.</subfield></datafield><datafield ind1="1" ind2="3" tag="246"><subfield code="a">State sentinel</subfield></datafield><datafield ind1=" " ind2="1" tag="264"><subfield code="a">Indianapolis, Indiana :</subfield><subfield code="b">Bingham &amp; Doughty,</subfield><subfield code="c">1861-</subfield></datafield><datafield ind1=" " ind2=" " tag="300"><subfield code="a">1 online resource</subfield></datafield><datafield ind1=" " ind2=" " tag="310"><subfield code="a">Weekly</subfield></datafield><datafield ind1=" " ind2=" " tag="336"><subfield code="a">text</subfield><subfield code="b">txt</subfield><subfield code="2">rdacontent</subfield></datafield><datafield ind1=" " ind2=" " tag="337"><subfield code="a">computer</subfield><subfield code="b">c</subfield><subfield code="2">rdamedia</subfield></datafield><datafield ind1=" " ind2=" " tag="338"><subfield code="a">online resource</subfield><subfield code="b">cr</subfield><subfield code="2">rdacarrier</subfield></datafield><datafield ind1="1" ind2=" " tag="362"><subfield code="a">Vol. XX, no. 33 (January 9, 1861). Ceased in Dec. 1865?</subfield></datafield><datafield ind1=" " ind2=" " tag="500"><subfield code="a">Publisher: Elder, Harkness &amp; Bingham, &lt;May 30, 1864&gt;.</subfield></datafield><datafield ind1=" " ind2=" " tag="580"><subfield code="a">Daily eds.: Daily State sentinel (Indianapolis, Ind. : 1861), 1861-1865, and: The Indianapolis daily herald, 1865.</subfield></datafield><datafield ind1=" " ind2=" " tag="588"><subfield code="a">Description based on: Vol. XX, no. 33 (January 9, 1861); title from masthead (Chroniclingamerica.loc.gov, viewed April 2, 2014).</subfield></datafield><datafield ind1=" " ind2=" " tag="588"><subfield code="a">Latest issue consulted: Vol. XXIII, no. 52 (May 30, 1864) (Chroniclingamerica.loc.gov, viewed April 2, 2014).</subfield></datafield><datafield ind1=" " ind2="0" tag="651"><subfield code="a">Indianapolis (Ind.)</subfield><subfield code="v">Newspapers.</subfield></datafield><datafield ind1=" " ind2="7" tag="651"><subfield code="a">Indiana</subfield><subfield code="z">Indianapolis.</subfield><subfield code="2">fast</subfield><subfield code="0">(OCoLC)fst01205182</subfield></datafield><datafield ind1=" " ind2="7" tag="655"><subfield code="a">Newspapers.</subfield><subfield code="2">fast</subfield><subfield code="0">(OCoLC)fst01423814</subfield></datafield><datafield ind1=" " ind2=" " tag="752"><subfield code="a">United States</subfield><subfield code="b">Indiana</subfield><subfield code="c">Marion</subfield><subfield code="d">Indianapolis.</subfield></datafield><datafield ind1="1" ind2=" " tag="775"><subfield code="t">Daily State sentinel (Indianapolis, Ind. : 1861 : Online)</subfield></datafield><datafield ind1="1" ind2=" " tag="775"><subfield code="t">Indianapolis daily herald (Online)</subfield></datafield><datafield ind1="0" ind2="8" tag="776"><subfield code="i">Originally issued in print:</subfield><subfield code="t">Indiana State sentinel (Indianapolis, Ind. : 1861)</subfield><subfield code="x">2334-5756</subfield><subfield code="w">(DLC)sn 82014306</subfield><subfield code="w">(OCoLC)8769822</subfield></datafield><datafield ind1="0" ind2="0" tag="780"><subfield code="t">Weekly Indiana State sentinel (Online)</subfield></datafield><datafield ind1="0" ind2="5" tag="780"><subfield code="t">Indiana State guard (Online)</subfield></datafield><datafield ind1="0" ind2="0" tag="785"><subfield code="t">Indiana weekly herald (Online)</subfield></datafield><datafield ind1="4" ind2="0" tag="856"><subfield code="u">http://www.loc.gov/chroniclingamerica/lccn/sn82014306/issues</subfield></datafield></record>